@book{Perez2021,
  author    = {Pérez Rodríguez, Juan},
  title     = {Fundamentos de la investigación social},
  publisher = {Editorial Académica},
  year      = {2021},
  address   = {San Juan, Puerto Rico},
  edition   = {2},
}

@article{Gonzalez2022,
  author    = {González Fernández, María},
  title     = {Delimitación del área de estudio en ciencias sociales},
  journal   = {Revista de Sociología},
  year      = {2022},
  volume    = {18},
  number    = {1},
  pages     = {45--67},
  doi       = {10.1234/revso.2022.018001},
}

@book{Weber1964,
  author    = {Max Weber},
  title     = {Economía y sociedad: Esbozo de sociología comprensiva (en alemán Wirtschaft und Gesellschaft)},
  editor    = {Johannes Winckelmann},
  translator= {José Medina Echavarría},
  publisher = {Fondo de Cultura Económica},
  year      = {1964},
  address   = {México},
}